

% Goodman, Seth, et al. ‘GeoQuery: Integrating HPC Systems and Public Web-Based Geospatial Data Tools’. Computers & Geosciences, vol. 122, 2019, pp. 103–112, https://doi.org10.1016/j.cageo.2018.10.009.
@article{Goodman2019,
    title = {{GeoQuery: Integrating HPC systems and public web-based geospatial data tools}},
    journal = {Computers \& Geosciences},
    volume = {122},
    pages = {103-112},
    year = {2019},
    issn = {0098-3004},
    doi = {https://doi.org/10.1016/j.cageo.2018.10.009},
    url = {https://www.sciencedirect.com/science/article/pii/S0098300418305326},
    author = {Seth Goodman and Ariel BenYishay and Zhonghui Lv and Daniel Runfola},
}

% Goodman, S., Zhang, S., Malik, A.A. et al. AidData’s Geospatial Global Chinese Development Finance Dataset. Sci Data 11, 529 (2024). https://doi.org/10.1038/s41597-024-03341-w
﻿@Article{Goodman2024,
    author={Goodman, Seth and Zhang, Sheng and Malik, Ammar A. and Parks, Bradley C. and Hall, Jacob},
    title={{AidData's Geospatial Global Chinese Development Finance Dataset}},
    journal={Scientific Data},
    year={2024},
    month={Jun},
    day={11},
    volume={11},
    number={1},
    pages={529},
    issn={2052-4463},
    doi={10.1038/s41597-024-03341-w},
    url={https://doi.org/10.1038/s41597-024-03341-w}
}

% NASA, 2017. Long Term Data Record. URL: https://ltdr.modaps.eosdis.nasa.gov/cgi-bin/ltdr/ltdrPage.cgi?fileName= 13 products.
@misc{NASA2023,
    url = {https://ladsweb.modaps.eosdis.nasa.gov/missions-and-measurements/applications/ltdr/},
    author = {{NASA}},
    year = {2023},
    title = {Long Term Data Record v6.0 AVH13C1 - AVHRR Atmospherically Corrected Normalized Difference Vegetation Index Daily L3 Global 0.05 Deg. CMG},
}

% WorldPop, CIESIN, 2018. Global High Resolution Population Denominators Project. doi:https://dx.doi.org/10.5258/SOTON/WP00647
@misc{WorldPop2018,
    doi = {https://dx.doi.org/10.5258/SOTON/WP00647},
    author = {{WorldPop and CIESIN}},
    year = {2018},
    title = {Global High Resolution Population Denominators Project},
}

@misc{containers,
    note = {https://www.redhat.com/en/topics/containers},
    author = {{RedHat}},
    year = {2023},
    title = {Understanding Containers},
}

@misc{k8s,
    note = {https://kubernetes.io/docs/concepts/overview/},
    author = {{Kubernetes}},
    year = {2024},
    title = {Overview of Kubernetes},
}

@article{Baker2016,
    author={Baker, Monya},
    title={1,500 scientists lift the lid on reproducibility},
    journal={Nature},
    year={2016},
    month={May},
    day={01},
    volume={533},
    number={7604},
    pages={452-454},
    abstract={Survey sheds light on the `crisis' rocking research.},
    issn={1476-4687},
    doi={10.1038/533452a},
    url={https://doi.org/10.1038/533452a}
}

@misc{Ding2020,
    note = {https://blog.ml.cmu.edu/2020/08/31/5-reproducibility/},
    author = {Zihao Ding and Aniketh Reddy and Aparna Joshi},
    year = {2020},
    title = {Carnegie Mellon University ML: Reproducibility},
}